@article{Martens2010,
	pmid = {20716697},
	author = {Martens, Lennart and Chambers, Matthew and Sturm, Marc and Kessner, Darren and Levander, Fredrik and Shofstahl, Jim and Tang, Wilfred H and Rompp, Andreas and Neumann, Steffen and Pizarro, Angel D and Montecchi-Palazzi, Luisa and Tasman, Natalie and Coleman, Mike and Reisinger, Florian and Souda, Puneet and Hermjakob, Henning and Binz, Pierre-Alain and Deutsch, Eric W},
	title = {mzML - a Community Standard for Mass Spectrometry Data.},
	journal = {Molecular and Cellular Proteomics : MCP},
	year = {2010},
	doi = {10.1074/mcp.R110.000133},
	tags = "bioinformatics, mass spectrometry, proteomics, standard, formats"
}


@article{Pedrioli2004,
	pmid = {15529173},
	author = {Pedrioli, Patrick G A and Eng, Jimmy K and Hubley, Robert and Vogelzang, Mathijs and Deutsch, Eric W and Raught, Brian and Pratt, Brian and Nilsson, Erik and Angeletti, Ruth H and Apweiler, Rolf and Cheung, Kei and Costello, Catherine E and Hermjakob, Henning and Huang, Sequin and Julian, Randall K and Kapp, Eugene and McComb, Mark E and Oliver, Stephen G and Omenn, Gilbert and Paton, Norman W and Simpson, Richard and Smith, Richard and Taylor, Chris F and Zhu, Weimin and Aebersold, Ruedi},
	title = {A common open representation of mass spectrometry data and its application to proteomics research.},
	journal = {Nat. Biotechnol.},
	volume = {22},
	number = {11},
	pages = {1459-66},
	year = {2004},
	doi = {10.1038/nbt1031},
	tags = "bioinformatics, mass spectrometry, proteomics, standard"
}

@article{Orchard2007,
	pmid = {17907277},
	author = {Orchard, Sandra and Montechi-Palazzi, Luisa and Deutsch, Eric W and Binz, Pierre-Alain and Jones, Andrew R and Paton, Norman and Pizarro, Angel and Creasy, David M and Wojcik, Jérôme and Hermjakob, Henning},
	title = {Five years of progress in the Standardization of Proteomics Data 4th Annual Spring Workshop of the HUPO-Proteomics Standards Initiative April 23-25, 2007 Ecole Nationale Supérieure (ENS), Lyon, France.},
	journal = {Proteomics},
	volume = {7},
	number = {19},
	pages = {3436-40},
	year = {2007},
	doi = {10.1002/pmic.200700658},
	tags = "mass spectrometry, bioinformatics, formats, proteomics, standard"
}

@article{Kessner08,
	pmid = {18606607},
	author = {Kessner, Darren and Chambers, Matt and Burke, Robert and Agus, David and Mallick, Parag},
	title = {ProteoWizard: open source software for rapid proteomics tools development.},
	journal = {Bioinformatics},
	volume = {24},
	number = {21},
	pages = {2534-6},
	year = {2008},
	doi = {10.1093/bioinformatics/btn323},
	tags = "mass spectrometry, bioinformatics, data analysis, proteomics, software"
}

@Article{Rcpp11,
    title = {{Rcpp}: Seamless {R} and {C++} Integration},
    author = {Dirk Eddelbuettel and Romain Fran\c{c}ois},
    journal = {Journal of Statistical Software},
    year = {2011},
    volume = {40},
    number = {8},
    pages = {1--18},
    url = {http://www.jstatsoft.org/v40/i08/},
  }